@inproceedings{Moggi:1988,
	Author = {Eugenio Moggi},
	Pages = {14--23},
	Publisher = {IEEE Computer Society Press},
	Title = {Computational Lambda-Calculus and Monads},
	Year = {1988}}

@article{Haskell,
	Title = {The Haskell Programming Language},
        Note = {Online: \url{http://www.haskell.org}}}


@book{MacLane:1971,
	Author = {Mac Lane, Saunders},
	Number = 5,
	Publisher = {Springer-Verlag},
	Series = {Graduate Texts in Mathematics},
	Title = {Categories for the Working Mathematician},
	Year = 1971}

@inbook{Wadler:1995,
	Address = {Berlin, Heidelberg},
	Author = {Wadler, Philip},
	Editor = {Jeuring, Johan and Meijer, Erik},
	Pages = {24--52},
	Publisher = {Springer Berlin Heidelberg},
	Title = {Monads for functional programming},
	Year = {1995}}
                  
@inproceedings{jones1993glasgow,
  title={The Glasgow Haskell compiler: a technical overview},
  author={Jones, SL Peyton and Hall, Cordy and Hammond, Kevin and Partain, Will and Wadler, Philip},
  booktitle={Proc. UK Joint Framework for Information Technology (JFIT) Technical Conference},
  volume={93},
  year={1993},
  organization={Citeseer}
}

@inproceedings{Wadler:1990:CM:91556.91592,
 author = {Wadler, Philip},
 title = {Comprehending Monads},
 booktitle = {Proceedings of the 1990 ACM Conference on LISP and Functional Programming},
 series = {LFP '90},
 year = {1990},
 isbn = {0-89791-368-X},
 location = {Nice, France},
 pages = {61--78},
 numpages = {18},
 url = {http://doi.acm.org/10.1145/91556.91592},
 doi = {10.1145/91556.91592},
 acmid = {91592},
 publisher = {ACM},
 address = {New York, NY, USA},
}

@inproceedings{Wadler:1992:EFP:143165.143169,
 author = {Wadler, Philip},
 title = {The Essence of Functional Programming},
 booktitle = {Proceedings of the 19th ACM SIGPLAN-SIGACT Symposium on Principles of Programming Languages},
 series = {POPL '92},
 year = {1992},
 isbn = {0-89791-453-8},
 location = {Albuquerque, New Mexico, USA},
 pages = {1--14},
 numpages = {14},
 url = {http://doi.acm.org/10.1145/143165.143169},
 doi = {10.1145/143165.143169},
 acmid = {143169},
 publisher = {ACM},
 address = {New York, NY, USA},
} 
